@article{clientserver,
  title = "Performance and Scalability of Client-Server Database Architectures",
  author = "Delis, A., \& Roussopoulos N."  
}

@misc{Titanium-Appcelerator,
    title = "Appcelerator",
    note = "\url{http://www.appcelerator.com/}",
}

@article{memoryleak,
    title = "Why you should stay away from appcelerator titanium.",
	author = "A. Dallera" ,
    note = "\url{http://usingimho.wordpress.com/2011/06/14/}\url{why-you-should-stay-away-from-appcelerators-titanium/}",
}

@misc{CSS3,
    title = "Check CSS3 Support",
    note = "\url{http://www.caniuse.com/}",
}

@misc{designing-touch,
    title = "designing-touch",
    author = "Clark,  J.",
    year = "2012",
    note = "\url{http://www.netmagazine.com/features/designing-touch}, Retrieved March 31, 2012"
}

@misc{jQuery-Mobile,
    title = "jQuery Mobile.",
    note = "\url{http://jquerymobile.com/}",
}


@misc{PhoneGap,
    title = "PhoneGap", 
     note = "\url{http://www.phonegap.com/}",
}

@misc{sencha,
    title = "Sencha Touch",
    note = "\url{http://www.sencha.com/products/touch}",
}

@misc{Siege,
    title = "Siege",
    note = "\url{http://www.joedog.org/siege-home/}",
}

@misc{UrbanFlood,
	title = "The UrbanFlood Project",
	note = "\url{http://www.urbanflood.eu/Pages/default.aspx}"
}

@misc{ipad,
 title= "iPad information page",
 note="\url{http://en.wikipedia.org/wiki/IPad}"
}

@misc{android,
  title="Android information Page",
  note="\url{http://en.wikipedia.org/wiki/Google_Android}"
}

@misc{wallingford,
 title="HR Wallingford",
 note="\url{http://www.hrwallingford.com/site/}"
}

@misc{GUI,
title="GUI definition",
author="Linux Information Project",
year = "2004",
note= "Retrieved 10 June 2012"
}

@book{REST,
title="Fielding Dissertation",
author="R. T. Fielding",
chapter="5",
year = "2000",
}

@misc{JSON,
    title= "Introducing JSON",
	author = "Crockford, D.",
	year =  "2009",
	note= "\url{json.org}, Retrieved May 12, 2012"
}

@misc{CSV,
  title= "Common Format and MIME Type for Comma-Separated Values (CSV) Files",
  author=" Y. Shafranovich",
  year="2005",
  note="Retrieved April 20, 2012"
}

@misc{HTML5,
  title = "HTML 5, A vocabulary and associated APIs for HTML and XHTML",
  author = "W3C",
  note="Retrieved April 11, 2012"
}

@misc{SDK,
title="SDK wiki",
note = "\url{http://en.wikipedia.org/wiki/Software_development_kit}"
}

@misc{webkit,
   title="The Webkit Open Source Project",
   note="\url{http://www.webkit.org/}",
}
@misc{MVC,
	title= "The DCI Architecture: A New Vision of Object-Oriented Programming",
	author="Trygve Reenskaug and James O. Coplien"
}

@misc{eclipse,
   title="Eclipse",
   note="\url{http://www.eclipse.org/}",
}

@misc{xcode,
	title="Xcode",
	note="\url{https://developer.apple.com/xcode/}",
}   

%http://www.sencha.com/products/touch

%http://usingimho.wordpress.com/2011/06/14/why-you-should-stay-away-from-appcelerators-titanium/

%http://caniuse.com/


%http://www.joedog.org/siege-home/
%http://www.netmagazine.com/features/designing-touch  John Clark 2012 on February 01, 2012 
%http://www.appcelerator.com/
%http://jquerymobile.com/
%http://www.phonegap.com/
%\end{document}
